@online{HyperionBlog1,
  author = {Jean Niklas L'orange},
  title = {Understanding Clojure's Persistent Vectors, pt. 1},
  year = 2016,
  url = {http://hypirion.com/musings/understanding-persistent-vector-pt-1},
  urldate = {2016-10-20}
}

@techreport{bagwell2001ideal,
  title={Ideal hash trees},
  author={Bagwell, Phil},
  year={2001}
}
@techreport{bagwell2000fast,
  title={Fast and space efficient trie searches},
  author={Bagwell, Phil},
  year={2000}
}
