@online{HyperionBlog1,
  author = {Jean Niklas L'orange},
  title = {Understanding Clojure's Persistent Vectors, pt. 1},
  year = 2016,
  url = {http://hypirion.com/musings/understanding-persistent-vector-pt-1},
  urldate = {2016-10-20}
}

@techreport{bagwell2001ideal,
  title={Ideal hash trees},
  author={Bagwell, Phil},
  year={2001}
}
@techreport{bagwell2000fast,
  title={Fast and space efficient trie searches},
  author={Bagwell, Phil},
  year={2000}
}

@inproceedings{Steindorfer:2015:OHM:2814270.2814312,
 author = {Steindorfer, Michael J. and Vinju, Jurgen J.},
 title = {Optimizing Hash-array Mapped Tries for Fast and Lean Immutable JVM Collections},
 booktitle = {Proceedings of the 2015 ACM SIGPLAN International Conference on Object-Oriented Programming, Systems, Languages, and Applications},
 series = {OOPSLA 2015},
 year = {2015},
 isbn = {978-1-4503-3689-5},
 location = {Pittsburgh, PA, USA},
 pages = {783--800},
 numpages = {18},
 url = {http://doi.acm.org/10.1145/2814270.2814312},
 doi = {10.1145/2814270.2814312},
 acmid = {2814312},
 publisher = {ACM},
 address = {New York, NY, USA},
 keywords = {Hash trie, Java Virtual Machine, cache locality, immutability, performance, persistent data structure},
} 

@INPROCEEDINGS{Bolz13storagestrategies,
    author = {Carl Friedrich Bolz and Lukas Diekmann and Laurence Tratt},
    title = {Storage Strategies for Collections in Dynamically Typed Languages},
    booktitle = {In OOPSLA. ACM},
    year = {2013}
}
@inproceedings{Steindorfer:2016:TSP:2993236.2993251,
 author = {Steindorfer, Michael J. and Vinju, Jurgen J.},
 title = {Towards a Software Product Line of Trie-based Collections},
 booktitle = {Proceedings of the 2016 ACM SIGPLAN International Conference on Generative Programming: Concepts and Experiences},
 series = {GPCE 2016},
 year = {2016},
 isbn = {978-1-4503-4446-3},
 location = {Amsterdam, Netherlands},
 pages = {168--172},
 numpages = {5},
 url = {http://doi.acm.org/10.1145/2993236.2993251},
 doi = {10.1145/2993236.2993251},
 acmid = {2993251},
 publisher = {ACM},
 address = {New York, NY, USA},
 keywords = {Code generation, Hash trie, Immutability, Performance, Persistent data structure, Software product line},
} 

@inproceedings{bonnaire2016practical,
  title={Practical optional types for Clojure},
  author={Bonnaire-Sergeant, Ambrose and Davies, Rowan and Tobin-Hochstadt, Sam},
  booktitle={European Symposium on Programming Languages and Systems},
  pages={68--94},
  year={2016},
  organization={Springer}
}

@inproceedings{hickey2008clojure,
  title={The clojure programming language},
  author={Hickey, Rich},
  booktitle={Proceedings of the 2008 symposium on Dynamic languages},
  pages={1},
  year={2008},
  organization={ACM}
}
